@Book{don16:go,
  author = 	 {Donovan, A. A. A. and Kernighan, B. W.},
  title = 	 {The Go Programming Language},
  publisher = 	 {Addison-Wesley},
  year = 	 2016,
  address = 	 {New York}}
                  
@Article{	  hau02:cal,
  author	= {Haubold, B. and Wiehe, T.},
  title		= {Calculating the {SNP}-effective sample size from an
		  alignment},
  journal	= {Bioinformatics},
  year		= 2002,
  key		= {L96},
  volume	= 18,
  pages		= {36-38}
}

@Article{	  wat75:num,
  key		= 435,
  author	= {Watterson, G. A.},
  title		= {On the number of segregating sites in genetical models
		  without recombination},
  journal	= {Theoretical Population Biology},
  pages		= {256-276},
  year		= 1975,
  volume	= 7
}

@Book{hau17:bio,
  author = 	 {Haubold, B. and B\"orsch-Haubold, A.},
  title = 	 {Bioinformatics for Evolutionary Biologists. A Problems Approach},
  publisher = 	 {Springer},
  year = 	 2017}
                  
@Book{		  gus97:alg,
  author	= {Gusfield, D.},
  title		= {Algorithms on Strings, Trees, and Sequences: Computer
		  Science and Computational Biology},
  publisher	= {Cambridge University Press},
  year		= 1997,
  address	= {Cambridge}
}

@Article{kim80:sim,
  author = 	 {Kimura, M.},
  title = 	 {A simple method for estimating evolutionary rates of base substitutions through comparative studies of nucleotide sequences},
  journal = 	 {Journal of Molecular Evolution},
  year = 	 1980,
  key = 	 1544,
  volume = 	 16,
  pages = 	 {111--120}}

@InCollection{	  juk69:evo,
  key		= 541,
  author	= {Jukes, T. H. and Cantor, C. R.},
  editor	= {Munro, H. N.},
  title		= {Evolution of protein molecules},
  booktitle	= {Mammalian Protein Metabolism},
  pages		= {21-132},
  year		= 1969,
  publisher	= {Academic Press},
  address	= {New York},
  volume	= 3
}
                  
@Article{	  fel85:con,
  key		= 190,
  author	= {Felsenstein, J.},
  title		= {Confidence limits on phylogenies: an approach using the
		  bootstrap},
  journal	= {Evolution},
  pages		= {783-791},
  year		= 1985,
  volume	= 39

}
                  
@Book{		  efr93:int,
  author	= {Efron, B. and Tibshirani, R. J.},
  title		= {An Introduction to the Bootstrap},
  year		= 1993,
  publisher	= {Chapman \& Hall},
  address	= {New York},
}

@Misc{		  fel05:phy,
  author	= {Felsenstein, J.},
  title		= {{PHYLIP} (phylogeny interference package) version 3.6},
  year		= 2005,
  publisher	= {Distributed by the author, University of Washington,
		  Seattle}
}

@Article{	  aho75:eff,
  author	= {Aho, A. and Corasick, M.},
  title		= {Efficient string matching: an aid to bibliographic
		  search},
  journal	= {Communications of the ACM},
  year		= 1975,
  volume	= 18,
  key           = 1178,
  pages		= {333-340}
}

@Book{		  knu97:ar1,
  author	= {Knuth, D. E.},
  title		= {The Art of Computer Programming: Fundamental Algorithms},
  publisher	= {Addision Wesley},
  address	= {Boston},
  year		= 1997,
  volume	= 1
}

@Book{vos05:pst,
  author = 	 {Voss, H.},
  title = 	 {PSTricks, Grafik mit PostScript f\"ur \TeX{} und \LaTeX{}},
  publisher = 	 {Dante e.V.},
  year = 	 2005,
  edition =      {2nd}
}

@Article{	  hau05:gen,
  author	= {Haubold, B. and Pierstorff, N. and M\"oller, F. and Wiehe,
		  T.},
  title		= {Genome comparison without alignment using shortest unique
		  substrings},
  journal	= {BMC Bioinformatics},
  year		= 2005,
  volume	= 6,
  pages		= 123
}
                  
@Book{ohl13:bio,
  author = 	 {Ohlebusch, E.},
  title = 	 {Bioinformatics Algorithms: Sequence Analysis, Genome Rearrangements, and Phylogenetic Reconstruction},
  publisher = 	 {Enno Ohlebusch},
  address =      {Ulm},
  year = 	 2013}
